
@book{Auer:2005,
    author    =   {Auer, S. and Frenkel, D.},
    editor    =   {Dr. Holm, Christian and Prof. Dr. Kremer, Kurt},
    title     =   {Numerical {Simulation} of {Crystal} {Nucleation} in {Colloids}},
    publisher =   {Springer Berlin Heidelberg},
    subtitle =   {Advanced Computer Simulation. Advances in Polymer Science},
    doi       =   {10.1007/b99429},
    volume    =   {173},
    year      =   {2005}
}

@article{Haeberle:2019,
    author    =   {Haeberle, J. and Sperl, M. and Born, P.},
    title     =   {{Distinguishing noisy crystalline structures using bond orientational order parameters}},
    url       =   {http://arxiv.org/abs/1906.08111},
    year      =   {2019}
}

@misc{Jakob:2016,
    title     =   {pybind11â€”Seamless operability between C++ 11 and Python},
    author    =   {Jakob, W. and Rhinelander, J. and Moldovan, D.},
    year      =   {2016},
    url       =   {https://github.com/pybind/pybind11}
}

@Article{Kresse:1996,
    Title     =   {Efficiency of ab-initio total energy calculations for metals and semiconductors using a plane-wave basis set},
    Author    =   {Kresse, G. and Furthm{\"u}ller, J.},
    Journal   =   {Computational Materials Science},
    Year      =   {1996},
    Pages     =   {15},
    Volume    =   {6},
    doi       =   {10.1016/0927-0256(96)00008-0}
}

@Article{Furth:1996,
    Title     =   {Efficient iterative schemes for ab initio total-energy calculations using a plane-wave basis set},
    Author    =   {Kresse, G. and Furthm{\"u}ller, J.},
    Journal   =   {Physical Review B},
    Year      =   {1996},
    Pages     =   {11169},
    Volume    =   {54},
    doi       =   {10.1103/PhysRevB.54.11169}
}

@Article{Kresse:1993,
    Title     =   {Ab initio molecular dynamics for liquid metals},
    Author    =   {Kresse, G. and Hafner, J.},
    Journal   =   {Physical Review B},
    Year      =   {1993},
    Pages     =   {558},
    Volume    =   {47},
    doi       =   {10.1103/PhysRevB.47.558}
}

@misc{Lechner:2010,
    title     =   {Bond order analysis},
    author    =   {Lechner, W.},
    url       =   {https://github.com/WolfgangLechner/StructureAnalysis},
    year      =   {2016}
}

@article{Lechner:2008,
    author    =   {Lechner, W. and Dellago, C.},
    title     =   {{Accurate determination of crystal structures based on averaged local bond order parameters}},
    journal   =   {The Journal of Chemical Physics},
    doi       =   {10.1063/1.2977970},
    volume    =   {129},
    year      =   {2008},
    pages     =   {114707}
}

@article{Mickel:2013,
    author    =   {Mickel, W. and Kapfer, S. C. and Schr{\"{o}}der-Turk, G. E. and Mecke, K.},
    title     =   {{Shortcomings of the bond orientational order parameters for the analysis of disordered particulate matter}},
    journal   =   {The Journal of Chemical Physics},
    doi       =   {10.1063/1.4774084},
    volume    =   {138},
    year      =   {2013},
    pages     =   {044501}
}

@article{Plimpton:1995,
    author    =   {Plimpton, S.},
    title     =   {{Fast Parallel Algorithms for Short - Range Molecular Dynamics}},
    journal   =   {Journal of Computational Physics},
    doi       =   {10.1006/jcph.1995.1039},
    volume    =   {117},
    year      =   {1995},
    pages     =   {1}
}

@article{Rycroft:2009,
    author    =   {Rycroft,C. H. },
    title     =   {VORO++: A three-dimensional Voronoi cell library in C++},
    journal   =   {Chaos: An Interdisciplinary Journal of Nonlinear Science},
    doi       =   {10.1063/1.3215722},
    volume    =   {19},
    pages     =   {041111},
    year      =   {2009}
}

@article{Steinhardt:1983,
    author    =   {Steinhardt, P. J. and Nelson, D. R. and Ronchetti, M.},
    title     =   {{Bond-orientational order in liquids and glasses}},
    journal   =   {Physical Review B},
    doi       =   {10.1103/PhysRevB.28.784},
    volume    =   {28},
    year      =   {1983},
    pages     =   {784}
}

@article{Stukowski:2012,
    author    =   {Stukowski, A.},
    title     =   {{Structure identification methods for atomistic simulations of crystalline materials}},
    journal   =   {Modelling and Simulation in Materials Science and Engineering},
    doi       =   {10.1088/0965-0393/20/4/045021},
    volume    =   {20},
    year      =   {2012},
  	pages     =   {045021}
}

@article{VanMeel:2012,
    author    =   {{van Meel}, J. A. and Filion, L. and Valeriani, C. and Frenkel, D.},
    title     =   {{A parameter-free, solid-angle based, nearest-neighbor algorithm}},
    journal   =   {The Journal of Chemical Physics},
    doi       =   {10.1063/1.4729313},
    volume    =   {136},
    year      =   {2012},
    pages     =   {234107}
}

@misc{Leocmach2017,
    title={Pyboo: A Python package to compute bond orientational order parameters},
    author={Leocmach, A},
    year={2017},
    doi={10.5281/zenodo.1066568},
    url={https://github.com/MathieuLeocmach/pyboo}
}
