

@article{Steinhardt:1983,
    author = {Steinhardt, P. J. and Nelson, D. R. and Ronchetti, M.},
    url = {https://doi.org/10.1103/PhysRevB.28.784},
    isbn = {0163-1829},
    issn = {01631829},
    journal = {Physical Review B},
    pages = {784--805},
    title = {{Bond-orientational order in liquids and glasses}},
    volume = {28},
    year = {1983}
}

@article{Auer:2005,
    author = {Auer, S. and Frenkel, D.},
    url = {https://doi.org/10.1007/b99429},
    isbn = {0065-3195$\backslash$r3-540-22058-5},
    issn = {00653195},
    journal = {Advances in Polymer Science},
    pages = {149--208},
    title = {{Numerical simulation of crystal nucleation in colloids}},
    volume = {173},
    year = {2005}
}


@article{Lechner:2008,
    author = {Lechner, W. and Dellago, C.},
    url = {https://doi.org/10.1063/1.2977970},
    isbn = {0021-9606},
    issn = {00219606},
    journal = {Journal of Chemical Physics},
    number = {11},
    pmid = {19044980},
    title = {{Accurate determination of crystal structures based on averaged local bond order parameters}},
    volume = {129},
    year = {2008}
}

@article{Mickel:2013,
    author = {Mickel, W. and Kapfer, S. C. and Schr{\"{o}}der-Turk, G. E. and Mecke, K.},
    url = {https://doi.org/10.1063/1.4774084},
    isbn = {1089-7690 (Electronic)$\backslash$n0021-9606 (Linking)},
    issn = {00219606},
    journal = {Journal of Chemical Physics},
    number = {4},
    pmid = {23387599},
    title = {{Shortcomings of the bond orientational order parameters for the analysis of disordered particulate matter}},
    volume = {138},
    year = {2013}
}

@misc{Jakob:2016,
  title={pybind11â€”Seamless operability between C++ 11 and Python},
  author={Jakob, W. and Rhinelander, J. and Moldovan, D.},
  year={2016},
  url={https://github.com/pybind/pybind11}
}

@article{Rycroft:2009,
    author = {Rycroft,C. H. },
    title = {VORO++: A three-dimensional Voronoi cell library in C++},
    journal = {Chaos: An Interdisciplinary Journal of Nonlinear Science},
    volume = {19},
    number = {4},
    pages = {041111},
    year = {2009},
    url = {https://doi.org/10.1063/1.3215722}
}

@article{Plimpton:1995,
    author = {Plimpton, S.},
    url = {https://doi.org/10.1006/jcph.1995.1039},
    isbn = {0021-9991},
    issn = {00219991},
    journal = {J. Comput. Phys.},
    number = {June 1994},
    pages = {1--19},
    title = {{Fast Parallel Algorithms for Short - Range Molecular Dynamics}},
    volume = {117},
    year = {1995}
}

@article{Stukowski:2012,
    author = {Stukowski, A.},
    url = {https://doi.org/10.1088/0965-0393/20/4/045021},
    isbn = {0965-0393},
    issn = {09650393},
    journal = {Modelling and Simulation in Materials Science and Engineering},
    number = {4},
    title = {{Structure identification methods for atomistic simulations of crystalline materials}},
    volume = {20},
    year = {2012}
}

@article{Haeberle:2019,
    author = {Haeberle, J. and Sperl, M. and Born, P.},
    pages = {1--7},
    title = {{Distinguishing noisy crystalline structures using bond orientational order parameters}},
    url = {http://arxiv.org/abs/1906.08111},
    year = {2019}
}

@article{VanMeel:2012,
    author = {{van Meel}, J. A. and Filion, L. and Valeriani, C. and Frenkel, D.},
    journal = {The Journal of Chemical Physics},
    number = {136},
    title = {{A parameter-free, solid-angle based, nearest-neighbor algorithm}},
    volume = {234107},
    year = {2012},
    url = {https://doi.org/10.1063/1.4729313}
}

@misc{Lechner:2010,
  title={Bond order analysis},
  author={Lechner, W.},
  year={2016},
  url={https://github.com/WolfgangLechner/StructureAnalysis}
}
